@InProceedings{kerdels2017,
  Title                    = {Entorhinal Grid Cells May Facilitate Pattern Separation in the Hippocampus},
  Author                   = {Jochen Kerdels and Gabriele Peters},
  Booktitle                = {Proceedings of the 9th International Joint Conference on Computational Intelligence, {IJCCI} 2017, Funchal, Madeira, Portugal, November 1-3, 2017.},
  Year                     = {2017},
  Pages                    = {141--148},
  Bibsource                = {dblp computer science bibliography, https://dblp.org},
  Biburl                   = {https://dblp.org/rec/bib/conf/ijcci/KerdelsP17},
  Crossref                 = {DBLP:conf/ijcci/2017},
  Doi                      = {10.5220/0006514601410148},
  Url                      = {https://doi.org/10.5220/0006514601410148}
}

