@InBook{Kerdels2020,
  author    = {Jochen Kerdels and Gabriele Peters},
  title     = {Efficient Approximation of a Recursive Growing Neural Gas},
  booktitle = {Studies in Computational Intelligence, IJCCI 2018, Revised Selected Papers},
  year      = {2020},
  editor    = {Christophe Sabourin and Juan Julian Merelo and Alejandro Linares Barranco and Kurosh Madani and Kevin Warwic},
  publisher = {Springer International Publishing},
  file      = {:2020/kerdels_peters_2019.pdf:PDF},
}
