@InProceedings{Hildebrandt2009b,
  Title                    = {Realtime motion compensation for ROV-based teleoperated underwater manipulators},
  Author                   = {Marc Hildebrandt and Leif Christensen and Jochen Kerdels and Jan Albiez and Frank Kirchner},
  Booktitle                = {OCEANS 2009 - EUROPE},
  Year                     = {2009},
  Month                    = {may},
  Number                   = {978-1-4244-2523-5},
}

