@InProceedings{Dahm2005a,
  Title                    = {Decentral control of a robot-swarm},
  Author                   = {Dahm, I. and Hebbel, M. and Hulsbusch, M. and Kerdels, J. and Nistico, W. and Schumann, C. and Wachter, M.},
  Booktitle                = {Autonomous Decentralized Systems, 2005. ISADS 2005. Proceedings},
  Year                     = {2005},
  Month                    = {4},
  Pages                    = {347-351},
  Doi                      = {10.1109/ISADS.2005.1452083},
  }


