@TechReport{Kerdels2012,
  Title                    = {A generalized computational model for modeling and simulation of complex systems},
  Author                   = {Kerdels, Jochen and Peters, Gabriele},
  Institution              = {University of Hagen},
  Year                     = {2012},
  Month                    = {12},
  Number                   = {4},
  Type                     = {Research Report},
}
