@PhdThesis{Kerdels2016,
  Title                    = {A Computational Model of Grid Cells based on a Recursive Growing Neural Gas},
  Author                   = {Kerdels, Jochen},
  Year                     = {2016},
  Address                  = {Hagen},
  ISSN                     = {1865-3944},
  Keywords                 = {Grid Cells; Recursive Growing Neural Gas; Computational Model; Neural Encoding},
  Publisher                = {FernUniversit{\"a}t in Hagen},
  Series                   = {Research Report},
  Url                      = {https://ub-deposit.fernuni-hagen.de/receive/mir_mods_00000438},
  Volume                   = {2016, 1}
}
