@Misc{Kerdels2018c,
  author    = {Jochen Kerdels and G. Peters},
  title     = {Simulation von Gitterzellen als Spezialfall eines allgemeinen neuronalen Verarbeitungsprinzips},
  year      = {2018},
  month     = {6},
  note      = {Springer--Verlag},
  journal   = {Informatik Spektrum},
  pages     = {451-452},
  volume    = {41(6)},
}

