@InProceedings{Spenneberg2007,
  Title                    = {C-Manipulator: An Autonomous Dual Manipulator Project for Underwater Inspection and Maintenance},
  Author                   = {Dirk Spenneberg and Jan Albiez and Frank Kirchner and Jochen Kerdels and Sascha Fechner},
  Booktitle                = {Proceedings of OMAE 2007},
  Year                     = {2007},
  Address                  = {San Diego, USA},
  Organization             = {ASME 2007 International Conference on Offshore Mechanics and Arctic Engineering},
}
