@Misc{Kerdels2007,
  author    = {Jochen Kerdels and G. Peters},
  title     = {HÃ¶henbildbasierte Segmentierung},
  year      = {2007},
  note      = {Springer--Verlag},
  month     = {1},
  journal   = {Informatik Spektrum},
  pages     = {47-48},
  volume    = {30(1)},
}

