@InProceedings{Kerdels2016b,
  Title                    = {A Sparse Representation of High-Dimensional Input Spaces Based on an Augmented Growing Neural Gas},
  Author                   = {Jochen Kerdels and Gabriele Peters},
  Booktitle                = {GCAI 2016. 2nd Global Conference on Artificial Intelligence},
  Year                     = {2016},
  Editor                   = {Christoph Benzm√ºller and Geoff Sutcliffe and Raul Rojas},
  Pages                    = {303-313},
  Publisher                = {EasyChair},
  Series                   = {EPiC Series in Computing},
  Volume                   = {41},
  Bibsource                = {EasyChair, http://www.easychair.org},
  ISSN                     = {2398-7340},
}
