@TechReport{Ziegler2004,
  Title                    = {Virtual Robot - Adaptive Ressource Management in Robot Teams},
  Author                   = {Ziegler, J. and Dahm, I. and Hülsbusch, M. and Kerdels, J.},
  Institution              = {University of Dortmund},
  Year                     = {2004},
  Note                     = {presented at International RoboCup Worldchampion, Lissboa, July 2004},
  Number                   = {0204},
  Type                     = {Technical Report}
}

@TechReport{Dahm2004,
  Title                    = {Virtual Robot: Automatic Analysis of Situations and Management of Resources in a Team of Soccer Robots.},
  Author                   = {Ingo Dahm and Matthias Hebbel and Walter Nistico and Christoph Richter and Dr. Jens Ziegler and Damien Deom and Jörn Hamerla and Mathias Hülsbusch and Jochen Kerdels and Thomas Kindler and Hyung-Won Koh and Tim Lohmann and Manuel Neubach and Claudius Rink and Andreas Rossbacher and Frank Roßdeutscher and Bernd Schmidt and Carsten Schumann and Pascal Serwe},
  Institution              = {University of Dortmund},
  Year                     = {2004},
  Note                     = {PG 442 Final Report}
}

@InProceedings{Dahm2005a,
  Title                    = {Decentral control of a robot-swarm},
  Author                   = {Dahm, I. and Hebbel, M. and Hülsbusch, M. and Kerdels, J. and Nistico, W. and Schumann, C. and Wachter, M.},
  Booktitle                = {Autonomous Decentralized Systems, 2005. ISADS 2005. Proceedings},
  Year                     = {2005},
  Month                    = {4},
  Pages                    = {347-351},
  Doi                      = {10.1109/ISADS.2005.1452083},
  }

@Thesis{Kerdels2006,
  author       = {Jochen Kerdels},
  title        = {Dynamisches Lernen von Nachbarschaften zwischen Merkmalsgruppen zum Zwecke der Objekterkennung},
  type         = {Diplomarbeit},
  institution  = {University of Dortmund},
  year         = {2006},
  date         = {2006-08-31},
  month        = {08},
  howpublished = {Universität Dortmund},
}

@InProceedings{Spenneberg2007,
  Title                    = {C-Manipulator: An Autonomous Dual Manipulator Project for Underwater Inspection and Maintenance},
  Author                   = {Dirk Spenneberg and Jan Albiez and Frank Kirchner and Jochen Kerdels and Sascha Fechner},
  Booktitle                = {Proceedings of OMAE 2007},
  Year                     = {2007},
  Address                  = {San Diego, USA},
  Organization             = {ASME 2007 International Conference on Offshore Mechanics and Arctic Engineering},
}

@InProceedings{Fechner2007,
  author    = {Sascha Fechner and Jochen Kerdels and Jan Albiez and Frank Kirchner},
  title     = {Design of a \(\mu\)AUV},
  booktitle = {Proceedings of the 4th International AMiRE Symposium (AMiRE-2007)},
  year      = {2007},
  publisher = {Heinz Nixdorf Institut Universiät Paderborn},
  month     = {10},
  pages     = {99-106},
  address   = {Buenos Aires, Argentinien}
}

@InCollection{Peters2007,
  Title                    = {Image Segmentation Based on Height Maps},
  Author                   = {Peters, Gabriele and Kerdels, Jochen},
  Booktitle                = {Computer Analysis of Images and Patterns},
  Publisher                = {Springer Berlin Heidelberg},
  Year                     = {2007},
  Pages                    = {612-619},
  Series                   = {Lecture Notes in Computer Science},
  Volume                   = {4673},
  Doi                      = {10.1007/978-3-540-74272-2_76},
  ISBN                     = {978-3-540-74271-5},
  Keywords                 = {segmentation; edge detection; watershed; height maps},
  Url                      = {http://dx.doi.org/10.1007/978-3-540-74272-2_76}
}

@InProceedings{Kerdels2007a,
  Title                    = {A Topology-Independent Similarity Measure for High-Dimensional Feature Spaces},
  Author                   = {Jochen Kerdels and G. Peters},
  Booktitle                = {Artificial Neural Networks. 17th International Conference (ICANN 2007)},
  Year                     = {2007},
  Address                  = {Porto, Portugal},
  Month                    = {9},
  Number                   = {Part 2},
  Pages                    = {331-340},
  Publisher                = {Springer},
  Series                   = {LNCS},
  Volume                   = {4669},
}

@InProceedings{Albiez2007,
  Title                    = {Sensor Processing and Behaviour Control of a Small AUV},
  Author                   = {Jan Albiez and Jochen Kerdels and Sascha Fechner and Frank Kirchner},
  Booktitle                = {Autonome Mobile Systeme AMS 2007- 20. Fachgespräch Kaiserslautern},
  Year                     = {2007},
  Address                  = {Kaiserslautern, Germany},
  Month                    = {10},
  Organization             = {Robotics Research Lab of the University of Kaiserslautern},
  Pages                    = {327-333},
  Publisher                = {Springer},
}

@Misc{Kerdels2007,
  author    = {Jochen Kerdels and G. Peters},
  title     = {Höhenbildbasierte Segmentierung},
  year      = {2007},
  note      = {Springer--Verlag},
  month     = {1},
  journal   = {Informatik Spektrum},
  pages     = {47-48},
  volume    = {30(1)},
}

@InProceedings{Hildebrandt2008b,
  Title                    = {Robust Vision-Based Semi-Autonomous Underwater Manipulation},
  Author                   = {Marc Hildebrandt and Jochen Kerdels and Jan Albiez and Frank Kirchner},
  Booktitle                = {The 10th International Conference on Intelligent Autonomous Systems},
  Year                     = {2008},
  Pages                    = {308-315},
  Publisher                = {IOS Press}
}

@InProceedings{kerdels2008b,
  Title                    = {Sensorless Computer Control of an Underwater DC Manipulator},
  Author                   = {Jochen Kerdels and Jan Albiez and Frank Kirchner},
  Booktitle                = {Proceedings of OCEANS '08 (MTS) / IEEE KOBE-TECHNO-OCEAN '08},
  month                    = {4},
  Year                     = {2008},
  Publisher                = {IEEE},
}

@InProceedings{Kerdels2008a,
  Title                    = {A Robust Vision Based Hover Control for ROV},
  Author                   = {Jochen Kerdels and Jan Albiez and Frank Kirchner},
  Booktitle                = {Proceedings of OCEANS '08 (MTS) / IEEE KOBE-TECHNO-OCEAN '08},
  month                    = {4},
  Year                     = {2008},
  Publisher                = {IEEE},
}

@InProceedings{Hildebrandt2008a,
  Title                    = {A practical underwater 3D-Laserscanner},
  Author                   = {Marc Hildebrandt and Jochen Kerdels and Jan Albiez and Frank Kirchner},
  Booktitle                = {Proceedings of the MTS/IEEE Conference on Oceans, Poles and Climate},
  Year                     = {2008},
  Organization             = {MTS/ IEEE Oceans},
  Publisher                = {IEEE},
}

@InProceedings{Hildebrandt2009b,
  Title                    = {Realtime motion compensation for ROV-based teleoperated underwater manipulators},
  Author                   = {Marc Hildebrandt and Leif Christensen and Jochen Kerdels and Jan Albiez and Frank Kirchner},
  Booktitle                = {OCEANS 2009 - EUROPE},
  Year                     = {2009},
  Month                    = {05},
  ISBN                   = {978-1-4244-2523-5},
}

@InProceedings{Hildebrandt2009a,
  Title                    = {A Multi-Layered Controller Approach for High Precision End-Effector Control of Hydraulic Underwater Manipulator Systems},
  Author                   = {Marc Hildebrandt and Jochen Kerdels and Jan Albiez and Frank Kirchner},
  Booktitle                = {OCEANS MTS/IEEE Conference (OCEANS-09)},
  Year                     = {2009},
  Month                    = {10},
  Publisher                = {o.A.},
  Abstract                 = {This paper presents a multi layered control architecture for hydraulic deep-sea manipulators. The proposed architecture is implemented on a Schilling Robotics Orion7P manipulator as example for a widely used deep-sea manipulator. In a number of experiments the improved precision of the new controller is shown. As application example for this improved precision the automated plugging of a deep-sea connector was evaluated and implemented.},
  ISBN                     = {978-1-4244-4960-6},
}

@InProceedings{Albiez2009,
  Title                    = {Automatic Workspace Analysis and Vehicle Adaptation for Hydraulic Underwater Manipulators},
  Author                   = {Jan Albiez and Marc Hildebrandt and Jochen Kerdels and Frank Kirchner},
  Booktitle                = {OCEANS MTS/IEEE Conference (OCEANS-09)},
  Year                     = {2009},
  Month                    = {10},
  Publisher                = {o.A.},
}

@TechReport{Kerdels2012,
  Title                    = {A generalized computational model for modeling and simulation of complex systems},
  Author                   = {Kerdels, Jochen and Peters, Gabriele},
  Institution              = {University of Hagen},
  Year                     = {2012},
  Month                    = {12},
  Number                   = {4},
  Type                     = {Research Report},
}

@InProceedings{kerdels2013b,
  Title                    = {A Computational Model of Grid Cells Based on Dendritic Self-Organized Learning},
  Author                   = {Kerdels, Jochen and Peters, Gabriele},
  Booktitle                = {Proceedings of the International Conference on Neural Computation Theory and Applications},
  Year                     = {2013},
}

@InProceedings{Kerdels2013a,
  Title                    = {Exploratory Modeling of Complex Information Processing Systems},
  Author                   = {Jochen Kerdels and Gabriele Peters},
  Booktitle                = {ICINCO (1)},
  Year                     = {2013},
  Pages                    = {514-521},
  Bibsource                = {DBLP, http://dblp.uni-trier.de},
  Ee                       = {http://dx.doi.org/10.5220/0004598205140521},
}

@InProceedings{Kerdels2014a,
  Title                    = {Supporting GNG-based clustering with local input space histograms},
  Author                   = {Kerdels, Jochen and Peters, Gabriele},
  Booktitle                = {Proceedings of the 22nd European Symposium on Artificial Neural Networks, Computational Intelligence and Machine Learning},
  Year                     = {2014},
  Address                  = {Louvain-la-Neuve, Belgique},
  Month                    = {04},
  Pages                    = {559--564},
  ISBN                     = {978-287-419-095-7},
}

@Conference{kerdels2015b,
  Title                    = {A New View on Grid Cells Beyond the Cognitive Map Hypothesis},
  Author                   = {Jochen Kerdels and Gabriele Peters},
  Booktitle                = {8th Conference on Artificial General Intelligence (AGI 2015)},
  Year                     = {2015},
  Month                    = {07},
}

@Article{Kerdels2015,
  Title                    = {Analysis of high-dimensional data using local input space histograms },
  Author                   = {Jochen Kerdels and Gabriele Peters},
  Journal                  = {Neurocomputing },
  Year                     = {2015},
  Pages                    = {272 - 280},
  Volume                   = {169},
  Doi                      = {http://dx.doi.org/10.1016/j.neucom.2014.12.094},
  ISSN                     = {0925-2312},
  Keywords                 = {Local input space histograms},
}

@Misc{Kerdels2015c,
  author    = {Jochen Kerdels and G. Peters},
  title     = {Clustering Hochdimensionaler Daten},
  year      = {2015},
  month     = {4},
  note      = {Springer--Verlag},
  journal   = {Informatik Spektrum},
  pages     = {335},
  volume    = {34(4)},
}

@PhdThesis{Kerdels2016,
  Title                    = {A Computational Model of Grid Cells based on a Recursive Growing Neural Gas},
  Author                   = {Kerdels, Jochen},
  Year                     = {2016},
  Address                  = {Hagen},
  ISSN                     = {1865-3944},
  Keywords                 = {Grid Cells; Recursive Growing Neural Gas; Computational Model; Neural Encoding},
  Publisher                = {FernUniversit{\"a}t in Hagen},
  Series                   = {Research Report},
  Url                      = {https://ub-deposit.fernuni-hagen.de/receive/mir_mods_00000438},
  Volume                   = {2016, 1}
}

@InProceedings{Kerdels2016b,
  Title                    = {A Sparse Representation of High-Dimensional Input Spaces Based on an Augmented Growing Neural Gas},
  Author                   = {Jochen Kerdels and Gabriele Peters},
  Booktitle                = {GCAI 2016. 2nd Global Conference on Artificial Intelligence},
  Year                     = {2016},
  Pages                    = {303-313},
  Publisher                = {EasyChair},
  Series                   = {EPiC Series in Computing},
  Volume                   = {41},
  Bibsource                = {EasyChair, http://www.easychair.org},
  ISSN                     = {2398-7340},
}

@InProceedings{Kerdels2016a,
  Title                    = {Modelling the Grid-like Encoding of Visual Space in Primates},
  Author                   = {Jochen Kerdels and Gabriele Peters},
  Booktitle                = {Proceedings of the 8th International Joint Conference on Computational Intelligence, {IJCCI} 2016, Volume 3: NCTA, Porto, Portugal, November 9-11, 2016.},
  Year                     = {2016},
  Pages                    = {42--49},
  Bibsource                = {dblp computer science bibliography, http://dblp.org},
  Biburl                   = {http://dblp.uni-trier.de/rec/bib/conf/ijcci/KerdelsP16a},
  Doi                      = {10.5220/0006045500420049},
}

@InProceedings{Kerdels2016c,
  Title                    = {Noise Resilience of an RGNG-based Grid Cell Model},
  Author                   = {Jochen Kerdels and Gabriele Peters},
  Booktitle                = {Proceedings of the 8th International Joint Conference on Computational Intelligence, {IJCCI} 2016, Volume 3: NCTA, Porto, Portugal, November 9-11, 2016.},
  Year                     = {2016},
  Pages                    = {33--41},
  Bibsource                = {dblp computer science bibliography, http://dblp.org},
  Biburl                   = {http://dblp.uni-trier.de/rec/bib/conf/ijcci/KerdelsP16},
  Doi                      = {10.5220/0006045400330041},
}

@InProceedings{kerdels2017,
  Title                    = {Entorhinal Grid Cells May Facilitate Pattern Separation in the Hippocampus},
  Author                   = {Jochen Kerdels and Gabriele Peters},
  Booktitle                = {Proceedings of the 9th International Joint Conference on Computational Intelligence, {IJCCI} 2017, Funchal, Madeira, Portugal, November 1-3, 2017.},
  Year                     = {2017},
  Pages                    = {141--148},
  Bibsource                = {dblp computer science bibliography, https://dblp.org},
  Biburl                   = {https://dblp.org/rec/bib/conf/ijcci/KerdelsP17},
  Doi                      = {10.5220/0006514601410148},
}

@InProceedings{Kerdels2018,
  author    = {Kerdels, Jochen and Peters, Gabriele},
  title     = {A Grid Cell Inspired Model of Cortical Column Function},
  booktitle = {10th International Joint Conference on Computational Intelligence (IJCCI 2018), Seville, Spain, September 18-20},
  year      = {2018},
  month     = {01},
  pages     = {204-210},
  doi       = {10.5220/0006931502040210},
}

@Article{Kerdels2018b,
  author        = {{Kerdels}, Jochen and {Peters}, Gabriele},
  title         = {{A Survey of Entorhinal Grid Cell Properties}},
  journal       = {arXiv e-prints},
  year          = {2018},
  eid           = {arXiv:1810.07429},
  month         = {10},
  pages         = {arXiv:1810.07429},
  eprint        = {1810.07429},
  archiveprefix = {arXiv},
  keywords      = {Quantitative Biology - Neurons and Cognition},
  primaryclass  = {q-bio.NC},
}

@Misc{Kerdels2018c,
  author    = {Jochen Kerdels and G. Peters},
  title     = {Simulation von Gitterzellen als Spezialfall eines allgemeinen neuronalen Verarbeitungsprinzips},
  year      = {2018},
  month     = {6},
  note      = {Springer--Verlag},
  journal   = {Informatik Spektrum},
  pages     = {451-452},
  volume    = {41(6)},
}

@InBook{Kerdels2019a,
  Title                    = {A Noise Compensation Mechanism for an RGNG-Based Grid Cell Model},
  Author                   = {Kerdels, Jochen and Peters, Gabriele},
  Pages                    = {263--276},
  Publisher                = {Springer International Publishing},
  Year                     = {2019},
  Address                  = {Cham},
  Booktitle                = {Computational Intelligence: International Joint Conference, IJCCI 2016 Porto, Portugal, November 9--11, 2016 Revised Selected Papers},
  Doi                      = {10.1007/978-3-319-99283-9_13},
  ISBN                     = {978-3-319-99283-9},
}

@InBook{Kerdels2019,
  Title                    = {A Possible Encoding of 3D Visual Space in Primates},
  Author                   = {Kerdels, Jochen and Peters, Gabriele},
  Pages                    = {277--295},
  Publisher                = {Springer International Publishing},
  Year                     = {2019},
  Address                  = {Cham},
  Booktitle                = {Computational Intelligence: International Joint Conference, IJCCI 2016 Porto, Portugal, November 9--11, 2016 Revised Selected Papers},
  Doi                      = {10.1007/978-3-319-99283-9_14},
  ISBN                     = {978-3-319-99283-9},
}

@InProceedings{Kerdels2019b,
  author       = {Kerdels, Jochen and Peters, Gabriele},
  title        = {Challenging the Intuition About Memory and Computation in Theories of Cognition},
  booktitle    = {Proceedings of the 11th International Joint Conference on Computational Intelligence - Volume 1: NCTA, (IJCCI 2019)},
  year         = {2019},
  organization = {INSTICC},
  publisher    = {SciTePress},
  month        = {09},
  isbn         = {978-989-758-384-1},
  pages        = {522-527},
  doi          = {10.5220/0008493605220527},
}

@InProceedings{Ragozin2019,
  author    = {Ragozin, Kirill and Pai, Yun Suen and Augereau, Olivier and Kise, Koichi and Kerdels, Jochen and Kunze, Kai},
  title     = {Private Reader: Using Eye Tracking to Improve Reading Privacy in Public Spaces},
  booktitle = {Proceedings of the 21st International Conference on Human-Computer Interaction with Mobile Devices and Services},
  year      = {2019},
  publisher = {Association for Computing Machinery},
  pages     = {Article 18},
  doi       = {10.1145/3338286.3340129},
  address   = {Taipei, Taiwan},
  keywords  = {shoulder surfing, privacy, eye tracking, reading, text interactions, public space, tablet, display, eye gaze},
}

@InBook{Kerdels2020,
  author    = {Jochen Kerdels and Gabriele Peters},
  title     = {Efficient Approximation of a Recursive Growing Neural Gas},
  booktitle = {Studies in Computational Intelligence, IJCCI 2018, Revised Selected Papers},
  year      = {2020},
  publisher = {Springer International Publishing},
  file      = {:2020/kerdels_peters_2019.pdf:PDF},
}
