@Misc{Kerdels2015c,
  author    = {Jochen Kerdels and G. Peters},
  title     = {Clustering Hochdimensionaler Daten},
  year      = {2015},
  month     = {4},
  note      = {Springer--Verlag},
  journal   = {Informatik Spektrum},
  pages     = {335},
  volume    = {34(4)},
}

