@Thesis{Kerdels2006,
  author       = {Jochen Kerdels},
  title        = {Dynamisches Lernen von Nachbarschaften zwischen Merkmalsgruppen zum Zwecke der Objekterkennung},
  type         = {Diplom},
  institution  = {University of Dortmund},
  year         = {2006},
  date         = {2006-08-31},
  note         = {Diplomarbeit},
  month        = {08},
  howpublished = {Universit√§t Dortmund},
}

