@Article{Kerdels2015,
  Title                    = {Analysis of high-dimensional data using local input space histograms },
  Author                   = {Jochen Kerdels and Gabriele Peters},
  Journal                  = {Neurocomputing },
  Year                     = {2015},
  Pages                    = {272 - 280},
  Volume                   = {169},
  Doi                      = {http://dx.doi.org/10.1016/j.neucom.2014.12.094},
  ISSN                     = {0925-2312},
  Keywords                 = {Local input space histograms},
}

