@InProceedings{kerdels2013b,
  Title                    = {A Computational Model of Grid Cells Based on Dendritic Self-Organized Learning},
  Author                   = {Kerdels, Jochen and Peters, Gabriele},
  Booktitle                = {Proceedings of the International Conference on Neural Computation Theory and Applications},
  Year                     = {2013},
}

