@InProceedings{Kerdels2016a,
  Title                    = {Modelling the Grid-like Encoding of Visual Space in Primates},
  Author                   = {Jochen Kerdels and Gabriele Peters},
  Booktitle                = {Proceedings of the 8th International Joint Conference on Computational Intelligence, {IJCCI} 2016, Volume 3: NCTA, Porto, Portugal, November 9-11, 2016.},
  Year                     = {2016},
  Pages                    = {42--49},
  Bibsource                = {dblp computer science bibliography, http://dblp.org},
  Biburl                   = {http://dblp.uni-trier.de/rec/bib/conf/ijcci/KerdelsP16a},
  Doi                      = {10.5220/0006045500420049},
}
