@InProceedings{Hildebrandt2008b,
  Title                    = {Robust Vision-Based Semi-Autonomous Underwater Manipulation},
  Author                   = {Marc Hildebrandt and Jochen Kerdels and Jan Albiez and Frank Kirchner},
  Booktitle                = {The 10th International Conference on Intelligent Autonomous Systems},
  Year                     = {2008},
  Editor                   = {Wolfram Burgard and RÃ¼diger Dillmann and Christian Plagemann and Nikolaus Vahrenkamp},
  Pages                    = {308-315},
  Publisher                = {IOS Press}
}
