@InProceedings{Kerdels2013a,
  Title                    = {Exploratory Modeling of Complex Information Processing Systems},
  Author                   = {Jochen Kerdels and Gabriele Peters},
  Booktitle                = {ICINCO (1)},
  Year                     = {2013},
  Pages                    = {514-521},
  Bibsource                = {DBLP, http://dblp.uni-trier.de},
  Crossref                 = {DBLP:conf/icinco/2013-1},
  Ee                       = {http://dx.doi.org/10.5220/0004598205140521},
}
