@InProceedings{Kerdels2019b,
  author       = {Kerdels, Jochen and Peters, Gabriele},
  title        = {Challenging the Intuition About Memory and Computation in Theories of Cognition},
  booktitle    = {Proceedings of the 11th International Joint Conference on Computational Intelligence - Volume 1: NCTA, (IJCCI 2019)},
  year         = {2019},
  organization = {INSTICC},
  publisher    = {SciTePress},
  month        = {09},
  isbn         = {978-989-758-384-1},
  pages        = {522-527},
  doi          = {10.5220/0008493605220527},
}

