@Article{Kerdels2018b,
  author        = {{Kerdels}, Jochen and {Peters}, Gabriele},
  title         = {{A Survey of Entorhinal Grid Cell Properties}},
  journal       = {arXiv e-prints},
  year          = {2018},
  eid           = {arXiv:1810.07429},
  month         = {Oct},
  pages         = {arXiv:1810.07429},
  eprint        = {1810.07429},
  adsnote       = {Provided by the SAO/NASA Astrophysics Data System},
  adsurl        = {https://ui.adsabs.harvard.edu/abs/2018arXiv181007429K},
  archiveprefix = {arXiv},
  keywords      = {Quantitative Biology - Neurons and Cognition},
  primaryclass  = {q-bio.NC},
}

