@InProceedings{Albiez2009,
  Title                    = {Automatic Workspace Analysis and Vehicle Adaptation for Hydraulic Underwater Manipulators},
  Author                   = {Jan Albiez and Marc Hildebrandt and Jochen Kerdels and Frank Kirchner},
  Booktitle                = {OCEANS 2009, MTS/IEEE Biloxi - Marine Technology for Our Future: Global and Local Challenges},
  Year                     = {2009},
  Month                    = {10},
  Publisher                = {o.A.},
}

