@InProceedings{Kerdels2018,
  author    = {Kerdels, Jochen and Peters, Gabriele},
  title     = {A Grid Cell Inspired Model of Cortical Column Function},
  booktitle = {10th International Joint Conference on Computational Intelligence (IJCCI 2018), Seville, Spain, September 18-20},
  year      = {2018},
  month     = {01},
  pages     = {204-210},
  doi       = {10.5220/0006931502040210},
}
