@InCollection{Peters2007,
  Title                    = {Image Segmentation Based on Height Maps},
  Author                   = {Peters, Gabriele and Kerdels, Jochen},
  Booktitle                = {Computer Analysis of Images and Patterns},
  Publisher                = {Springer Berlin Heidelberg},
  Year                     = {2007},
  Editor                   = {Kropatsch, WalterG. and Kampel, Martin and Hanbury, Allan},
  Pages                    = {612-619},
  Series                   = {Lecture Notes in Computer Science},
  Volume                   = {4673},
  Doi                      = {10.1007/978-3-540-74272-2_76},
  ISBN                     = {978-3-540-74271-5},
  Keywords                 = {segmentation; edge detection; watershed; height maps},
  Url                      = {http://dx.doi.org/10.1007/978-3-540-74272-2_76}
}
