@InProceedings{Kerdels2014a,
  Title                    = {Supporting GNG-based clustering with local input space histograms},
  Author                   = {Kerdels, Jochen and Peters, Gabriele},
  Booktitle                = {Proceedings of the 22nd European Symposium on Artificial Neural Networks, Computational Intelligence and Machine Learning},
  Year                     = {2014},
  Address                  = {Louvain-la-Neuve, Belgique},
  Editor                   = {Michael Verleysen},
  Month                    = {April},
  Pages                    = {559--564},
  ISBN                     = {978-287-419-095-7},
}
