@InProceedings{Kerdels2007a,
  Title                    = {A Topology-Independent Similarity Measure for High-Dimensional Feature Spaces},
  Author                   = {Jochen Kerdels and G. Peters},
  Booktitle                = {Artificial Neural Networks. 17th International Conference (ICANN 2007), September 9-13, Porto, Portugal. September 9-13, Porto},
  Year                     = {2007},
  Address                  = {Porto, Portugal},
  Editor                   = {Joaquim Marques de SÃ¡ and Luis A. Alexandre and Wlodzislaw Duch and Danilo Mandic},
  Month                    = {9},
  Number                   = {Part 2},
  Pages                    = {331-340},
  Publisher                = {Springer},
  Series                   = {LNCS},
  Volume                   = {4669},
}

