@Conference{kerdels2015b,
  Title                    = {A New View on Grid Cells Beyond the Cognitive Map Hypothesis},
  Author                   = {Jochen Kerdels and Gabriele Peters},
  Booktitle                = {8th Conference on Artificial General Intelligence (AGI 2015)},
  Year                     = {2015},
  Month                    = {07},
}
