@InProceedings{Kerdels2016c,
  Title                    = {Noise Resilience of an RGNG-based Grid Cell Model},
  Author                   = {Jochen Kerdels and Gabriele Peters},
  Booktitle                = {Proceedings of the 8th International Joint Conference on Computational Intelligence, {IJCCI} 2016, Volume 3: NCTA, Porto, Portugal, November 9-11, 2016.},
  Year                     = {2016},
  Pages                    = {33--41},
  Bibsource                = {dblp computer science bibliography, http://dblp.org},
  Biburl                   = {http://dblp.uni-trier.de/rec/bib/conf/ijcci/KerdelsP16},
  Crossref                 = {Guervos2016a},
  Doi                      = {10.5220/0006045400330041},
  Url                      = {http://dx.doi.org/10.5220/0006045400330041}
}

