@InProceedings{Ragozin2019,
  author    = {Ragozin, Kirill and Pai, Yun Suen and Augereau, Olivier and Kise, Koichi and Kerdels, Jochen and Kunze, Kai},
  title     = {Private Reader: Using Eye Tracking to Improve Reading Privacy in Public Spaces},
  booktitle = {Proceedings of the 21st International Conference on Human-Computer Interaction with Mobile Devices and Services},
  year      = {2019},
  publisher = {Association for Computing Machinery},
  pages     = {Article 18},
  doi       = {10.1145/3338286.3340129},
  url       = {https://doi.org/10.1145/3338286.3340129},
  address   = {Taipei, Taiwan},
  keywords  = {shoulder surfing, privacy, eye tracking, reading, text interactions, public space, tablet, display, eye gaze},
}
