@InProceedings{Dahm2005a,
  Title                    = {Decentral control of a robot-swarm},
  Author                   = {Dahm, I. and Hebbel, M. and Hulsbusch, M. and Kerdels, J. and Nistico, W. and Schumann, C. and Wachter, M.},
  Booktitle                = {Autonomous Decentralized Systems, 2005. ISADS 2005. Proceedings},
  Year                     = {2005},
  Month                    = {April},
  Pages                    = {347-351},

  Doi                      = {10.1109/ISADS.2005.1452083},
  Keywords                 = {control system synthesis;decentralised control;mobile robots;multi-robot systems;robust control;scheduling;sensor fusion;Lissboa;RoboCup;autonomous robots;decentral architecture;decentral control;decentral data storage;decentral task-scheduling;hardware failures;robot-swarm;robust communication;sensor-fusion;universal architecture;Communication system control;Computer architecture;Fault tolerance;Hardware;Job shop scheduling;Memory;Robot control;Robot sensing systems;Robustness;Service robots}
}

