@InBook{Kerdels2019a,
  Title                    = {A Noise Compensation Mechanism for an RGNG-Based Grid Cell Model},
  Author                   = {Kerdels, Jochen and Peters, Gabriele},
  Editor                   = {Merelo, Juan Julian and Mel{\'i}cio, Fernando and Cadenas, Jos{\'e} M. and Dourado, Ant{\'o}nio and Madani, Kurosh and Ruano, Ant{\'o}nio and Filipe, Joaquim},
  Pages                    = {263--276},
  Publisher                = {Springer International Publishing},
  Year                     = {2019},
  Address                  = {Cham},
  Booktitle                = {Computational Intelligence: International Joint Conference, IJCCI 2016 Porto, Portugal, November 9--11, 2016 Revised Selected Papers},
  Doi                      = {10.1007/978-3-319-99283-9_13},
  ISBN                     = {978-3-319-99283-9},
}

