@InProceedings{Albiez2007,
  Title                    = {Sensor Processing and Behaviour Control of a Small AUV},
  Author                   = {Jan Albiez and Jochen Kerdels and Sascha Fechner and Frank Kirchner},
  Booktitle                = {Autonome Mobile Systeme AMS 2007- 20. Fachgespr√§ch Kaiserslautern},
  Year                     = {2007},
  Address                  = {Kaiserslautern, Germany},
  Month                    = {10},
  Organization             = {Robotics Research Lab of the University of Kaiserslautern},
  Pages                    = {327-333},
  Publisher                = {Springer},
}
