@InProceedings{Kerdels2008a,
  Title                    = {A Robust Vision Based Hover Control for ROV},
  Author                   = {Jochen Kerdels and Jan Albiez and Frank Kirchner},
  Booktitle                = {Proceedings of OCEANS '08 (MTS) / IEEE KOBE-TECHNO-OCEAN '08},
  Year                     = {2008},
  Publisher                = {IEEE},
}
