@InBook{Kerdels2019,
  Title                    = {A Possible Encoding of 3D Visual Space in Primates},
  Author                   = {Kerdels, Jochen and Peters, Gabriele},
  Editor                   = {Merelo, Juan Julian and Mel{\'i}cio, Fernando and Cadenas, Jos{\'e} M. and Dourado, Ant{\'o}nio and Madani, Kurosh and Ruano, Ant{\'o}nio and Filipe, Joaquim},
  Pages                    = {277--295},
  Publisher                = {Springer International Publishing},
  Year                     = {2019},
  Address                  = {Cham},
  Booktitle                = {Computational Intelligence: International Joint Conference, IJCCI 2016 Porto, Portugal, November 9--11, 2016 Revised Selected Papers},
  Doi                      = {10.1007/978-3-319-99283-9_14},
  ISBN                     = {978-3-319-99283-9},
}

