@InProceedings{Fechner2007,
  author    = {Sascha Fechner and Jochen Kerdels and Jan Albiez and Frank Kirchner},
  title     = {Design of a µAUV},
  booktitle = {Autonomous Minirobots for Research and Edutainment (AMiRE-2007). Proceedings of the 4th International AMiRE Symposium (AMiRE-2007), October 2-5, Buenos Aires, Argentinien},
  year      = {2007},
  editor    = {U. Rückert and J. Sitte and U. Witkowski},
  note      = {Best Paper Award},
  publisher = {Heinz Nixdorf Institut UniversiÃ¤t Paderborn},
  month     = {10},
  pages     = {99-106},
  address   = {Buenos Aires, Argentinien}
}
