@TechReport{Ziegler2004,
  Title                    = {Virtual Robot - Adaptive Ressource Management in Robot Teams},
  Author                   = {Ziegler, J. and Dahm, I. and Huelsbusch, M. and Kerdels, J.},
  Institution              = {University of Dortmund},
  Year                     = {2004},
  Note                     = {presented at International RoboCup Worldchampion, Lissboa, July 2004},
  Number                   = {0204},
  Type                     = {Technical Report}
}

