@InProceedings{Hildebrandt2008a,
  Title                    = {A practical underwater 3D-Laserscanner},
  Author                   = {Marc Hildebrandt and Jochen Kerdels and Jan Albiez and Frank Kirchner},
  Booktitle                = {Proceedings of the MTS/IEEE Conference on Oceans, Poles and Climate},
  Year                     = {2008},
  Organization             = {MTS/ IEEE Oceans},
  Publisher                = {IEEE},
}
