@TechReport{Dahm2004,
  Title                    = {Virtual Robot: Automatic Analysis of Situations and Management of Resources in a Team of Soccer Robots.},
  Author                   = {Ingo Dahm and Matthias Hebbel and Walter Nistico and Christoph Richter and Dr. Jens Ziegler and Damien Deom and Jörn Hamerla and Mathias Hülsbusch and Jochen Kerdels and Thomas Kindler and Hyung-Won Koh and Tim Lohmann and Manuel Neubach and Claudius Rink and Andreas Rossbacher and Frank Roßdeutscher and Bernd Schmidt and Carsten Schumann and Pascal Serwe},
  Institution              = {University of Dortmund},
  Year                     = {2004},
  Note                     = {PG 442 Final Report}
}

